@article{sirlin2021digital,
  title={Digital literacy is associated with more discerning accuracy judgments but not sharing intentions},
  author={Sirlin, Nathaniel and Epstein, Ziv and Arechar, Antonio A and Rand, David G},
  journal={Harvard Kennedy School Misinformation Review},
  year={2021}
}

  @Manual{r,
    title = {R: A Language and Environment for Statistical Computing},
    author = {{R Core Team}},
    organization = {R Foundation for Statistical Computing},
    address = {Vienna, Austria},
    year = {2013},
    url = {http://www.R-project.org/},
  }